


@online{docker,

    author = "Solomon Hykes",
    title = "Docker",
    url  = "https://www.docker.com/",
    
}

@online{coppelia,

    author = "Coppelia Robotics AG",
    title = "Coppelia",
    url  = "https://www.coppeliarobotics.com/",
    
}

@online{mediapipe,

    author = "Google",
    title = "Mediapipe",
    url  = "https://pypi.org/project/mediapipe/",
    
}

@online{opencv,

    author = "Nižnij Novgorod",
    title = "OpenCV",
    url  = "https://opencv.org/",
    
}

@online{apriltags,

    author = "University of Michigan, Ed Olson",
    title = "AprilTag",
    url  = "https://april.eecs.umich.edu/software/apriltag",
    

}

@online{apriltagscpp,

    author = "Michael Kaess",
    title = "Libreria C++ AprilTag",
    url  = "https://people.csail.mit.edu/kaess/apriltags/",
    
}

@online{kobukisdk,

    author = "",
    title = "Kobuki SDK",
    url  = "https://kobuki.readthedocs.io/en/devel/software.html",
    
}

@online{mosquitto,

    author = "Eclipse Foundation",
    title = "Mosquitto",
    url  = "https://mosquitto.org/",
    
}

@online{opencvopenni,

    author = "OpenCV",
    title = "OpenNi con OpenCV",
    url  = "https://docs.opencv.org/4.x/d7/d6f/tutorial_kinect_openni.html",
    
}

@online{opencvastra,

    author = "OpenCV",
    title = "AstraCam con OpenCV",
    url  = "https://docs.opencv.org/4.x/d4/d65/tutorial_orbbec_astra.html",
    
}

@online{orbeccsdk,

    author = "ORBECC",
    title = "Orbecc OpenNi SDK",
    url  = "https://www.orbbec.com/developers/openni-sdk/",
    
}

@online{picam,

    author = "Raspberry Pi Ltd",
    title = "PiCamera",
    url  = "https://www.raspberrypi.com/documentation/accessories/camera.html",
    
}

@online{libcamera,

    author = "Laurent Pinchart, Kieran Bingham, Jacopo Mondi and Niklas Söderlund",
    title = "libcamera",
    url  = "https://libcamera.org/",
    
}

@online{newdriver,

    author = "David Plowman",
    title = "PiCamera passa a libcamera",
    url  = "https://www.raspberrypi.com/news/an-open-source-camera-stack-for-raspberry-pi-using-libcamera/",
    
}